<record><leader>00000cas a22000007a 4500</leader><controlfield tag="001">35916461</controlfield><controlfield tag="008">961114c19939999okudn n       0    0eng d</controlfield><datafield ind1=" " ind2=" " tag="010"><subfield code="a">sn 96093179 </subfield></datafield><datafield ind1=" " ind2=" " tag="040"><subfield code="a">OBN</subfield><subfield code="b">eng</subfield><subfield code="c">OBN</subfield><subfield code="d">OCLCQ</subfield><subfield code="d">OCLCF</subfield><subfield code="d">OCLCO</subfield></datafield><datafield ind1="1" ind2=" " tag="029"><subfield code="a">AU@</subfield><subfield code="b">000024818531</subfield></datafield><datafield ind1=" " ind2=" " tag="042"><subfield code="a">msc</subfield></datafield><datafield ind1=" " ind2=" " tag="043"><subfield code="a">n-us-ok</subfield></datafield><datafield ind1="0" ind2=" " tag="130"><subfield code="a">Frederick leader (Frederick, Okla. : 1993)</subfield></datafield><datafield ind1="1" ind2="4" tag="245"><subfield code="a">The Frederick leader.</subfield></datafield><datafield ind1=" " ind2=" " tag="260"><subfield code="a">Frederick, Okla. :</subfield><subfield code="b">J.L. Newland</subfield></datafield><datafield ind1=" " ind2=" " tag="300"><subfield code="a">v.</subfield></datafield><datafield ind1=" " ind2=" " tag="310"><subfield code="a">Daily (Except Sat. and Mon.)</subfield></datafield><datafield ind1="0" ind2=" " tag="362"><subfield code="a">Vol. 88, no. 232 (Mar. 14, 1993)-</subfield></datafield><datafield ind1=" " ind2="0" tag="651"><subfield code="a">Frederick (Okla.)</subfield><subfield code="v">Newspapers.</subfield></datafield><datafield ind1=" " ind2="0" tag="651"><subfield code="a">Tillman County (Okla.)</subfield><subfield code="v">Newspapers.</subfield></datafield><datafield ind1=" " ind2="7" tag="655"><subfield code="a">Newspapers.</subfield><subfield code="2">fast</subfield><subfield code="0">(OCoLC)fst01423814</subfield></datafield><datafield ind1=" " ind2="7" tag="651"><subfield code="a">Oklahoma</subfield><subfield code="z">Frederick.</subfield><subfield code="2">fast</subfield><subfield code="0">(OCoLC)fst01228532</subfield></datafield><datafield ind1=" " ind2="7" tag="651"><subfield code="a">Oklahoma</subfield><subfield code="z">Tillman County.</subfield><subfield code="2">fast</subfield><subfield code="0">(OCoLC)fst01223287</subfield></datafield><datafield ind1=" " ind2=" " tag="752"><subfield code="a">United States</subfield><subfield code="b">Oklahoma</subfield><subfield code="c">Tillman</subfield><subfield code="d">Frederick.</subfield></datafield><datafield ind1="0" ind2="0" tag="780"><subfield code="t">Frederick daily leader</subfield><subfield code="w">(DLC)sn 96093178</subfield><subfield code="w">(OCoLC)35916430</subfield></datafield></record>